{
    "monthly_breakdown": [
        {
            "month": "2022-01",
            "total_customers": 3868,
            "new_customers": 3623,
            "returning_customers": 245,
            "new_percentage": 93.67,
            "returning_percentage": 6.33,
            "total_revenue": 90155.01,
            "new_customer_revenue": 86368.70999999999,
            "returning_customer_revenue": 3786.300000000003
        },
        {
            "month": "2022-02",
            "total_customers": 4443,
            "new_customers": 2911,
            "returning_customers": 1532,
            "new_percentage": 65.52,
            "returning_percentage": 34.48,
            "total_revenue": 101091.75,
            "new_customer_revenue": 45725.899999999994,
            "returning_customer_revenue": 55365.850000000006
        },
        {
            "month": "2022-03",
            "total_customers": 4646,
            "new_customers": 2511,
            "returning_customers": 2135,
            "new_percentage": 54.05,
            "returning_percentage": 45.95,
            "total_revenue": 110207.57,
            "new_customer_revenue": 40133.36,
            "returning_customer_revenue": 70074.21
        },
        {
            "month": "2022-04",
            "total_customers": 5119,
            "new_customers": 2452,
            "returning_customers": 2667,
            "new_percentage": 47.9,
            "returning_percentage": 52.1,
            "total_revenue": 125605.04999999999,
            "new_customer_revenue": 41888.899999999994,
            "returning_customer_revenue": 83716.15
        },
        {
            "month": "2022-05",
            "total_customers": 2896,
            "new_customers": 1040,
            "returning_customers": 1856,
            "new_percentage": 35.91,
            "returning_percentage": 64.09,
            "total_revenue": 62302.47,
            "new_customer_revenue": 18182.1,
            "returning_customer_revenue": 44120.37
        },
        {
            "month": "2022-06",
            "total_customers": 462,
            "new_customers": 121,
            "returning_customers": 341,
            "new_percentage": 26.19,
            "returning_percentage": 73.81,
            "total_revenue": 7202.95,
            "new_customer_revenue": 2595.55,
            "returning_customer_revenue": 4607.4
        },
        {
            "month": "2022-07",
            "total_customers": 2147,
            "new_customers": 775,
            "returning_customers": 1372,
            "new_percentage": 36.1,
            "returning_percentage": 63.9,
            "total_revenue": 42746.7,
            "new_customer_revenue": 14714.400000000001,
            "returning_customer_revenue": 28032.299999999996
        },
        {
            "month": "2022-09",
            "total_customers": 1649,
            "new_customers": 609,
            "returning_customers": 1040,
            "new_percentage": 36.93,
            "returning_percentage": 63.07,
            "total_revenue": 31650.199999999997,
            "new_customer_revenue": 11343.550000000001,
            "returning_customer_revenue": 20306.649999999994
        },
        {
            "month": "2022-10",
            "total_customers": 3542,
            "new_customers": 1373,
            "returning_customers": 2169,
            "new_percentage": 38.76,
            "returning_percentage": 61.24,
            "total_revenue": 90318.2,
            "new_customer_revenue": 28215.75,
            "returning_customer_revenue": 62102.45
        },
        {
            "month": "2022-11",
            "total_customers": 4335,
            "new_customers": 1579,
            "returning_customers": 2756,
            "new_percentage": 36.42,
            "returning_percentage": 63.58,
            "total_revenue": 121493.25000000001,
            "new_customer_revenue": 32603.600000000002,
            "returning_customer_revenue": 88889.65000000001
        },
        {
            "month": "2022-12",
            "total_customers": 6023,
            "new_customers": 2366,
            "returning_customers": 3657,
            "new_percentage": 39.28,
            "returning_percentage": 60.72,
            "total_revenue": 166698.15,
            "new_customer_revenue": 46970.350000000006,
            "returning_customer_revenue": 119727.79999999999
        },
        {
            "month": "2023-01",
            "total_customers": 3989,
            "new_customers": 1126,
            "returning_customers": 2863,
            "new_percentage": 28.23,
            "returning_percentage": 71.77,
            "total_revenue": 109802.24999999999,
            "new_customer_revenue": 21622.95,
            "returning_customer_revenue": 88179.29999999999
        },
        {
            "month": "2023-02",
            "total_customers": 3984,
            "new_customers": 1072,
            "returning_customers": 2912,
            "new_percentage": 26.91,
            "returning_percentage": 73.09,
            "total_revenue": 106909.7,
            "new_customer_revenue": 19686.85,
            "returning_customer_revenue": 87222.85
        },
        {
            "month": "2023-03",
            "total_customers": 4328,
            "new_customers": 1220,
            "returning_customers": 3108,
            "new_percentage": 28.19,
            "returning_percentage": 71.81,
            "total_revenue": 124137.60999999999,
            "new_customer_revenue": 24845.55,
            "returning_customer_revenue": 99292.05999999998
        },
        {
            "month": "2023-04",
            "total_customers": 4832,
            "new_customers": 1306,
            "returning_customers": 3526,
            "new_percentage": 27.03,
            "returning_percentage": 72.97,
            "total_revenue": 124852.0,
            "new_customer_revenue": 22289.45,
            "returning_customer_revenue": 102562.55
        },
        {
            "month": "2023-05",
            "total_customers": 4427,
            "new_customers": 1111,
            "returning_customers": 3316,
            "new_percentage": 25.1,
            "returning_percentage": 74.9,
            "total_revenue": 128562.6,
            "new_customer_revenue": 25018.4,
            "returning_customer_revenue": 103544.20000000001
        },
        {
            "month": "2023-06",
            "total_customers": 4524,
            "new_customers": 1249,
            "returning_customers": 3275,
            "new_percentage": 27.61,
            "returning_percentage": 72.39,
            "total_revenue": 135851.75,
            "new_customer_revenue": 26330.6,
            "returning_customer_revenue": 109521.15
        },
        {
            "month": "2023-07",
            "total_customers": 4781,
            "new_customers": 1282,
            "returning_customers": 3499,
            "new_percentage": 26.81,
            "returning_percentage": 73.19,
            "total_revenue": 135563.2,
            "new_customer_revenue": 25889.7,
            "returning_customer_revenue": 109673.50000000001
        },
        {
            "month": "2023-08",
            "total_customers": 4273,
            "new_customers": 1052,
            "returning_customers": 3221,
            "new_percentage": 24.62,
            "returning_percentage": 75.38,
            "total_revenue": 118131.6,
            "new_customer_revenue": 23015.199999999997,
            "returning_customer_revenue": 95116.40000000001
        },
        {
            "month": "2023-09",
            "total_customers": 4471,
            "new_customers": 1163,
            "returning_customers": 3308,
            "new_percentage": 26.01,
            "returning_percentage": 73.99,
            "total_revenue": 129317.6,
            "new_customer_revenue": 25630.7,
            "returning_customer_revenue": 103686.90000000001
        },
        {
            "month": "2023-10",
            "total_customers": 4145,
            "new_customers": 942,
            "returning_customers": 3203,
            "new_percentage": 22.73,
            "returning_percentage": 77.27,
            "total_revenue": 116962.6,
            "new_customer_revenue": 19925.399999999998,
            "returning_customer_revenue": 97037.20000000001
        },
        {
            "month": "2023-11",
            "total_customers": 3829,
            "new_customers": 878,
            "returning_customers": 2951,
            "new_percentage": 22.93,
            "returning_percentage": 77.07,
            "total_revenue": 103830.4,
            "new_customer_revenue": 16110.8,
            "returning_customer_revenue": 87719.59999999999
        },
        {
            "month": "2023-12",
            "total_customers": 5388,
            "new_customers": 1386,
            "returning_customers": 4002,
            "new_percentage": 25.72,
            "returning_percentage": 74.28,
            "total_revenue": 147997.21000000002,
            "new_customer_revenue": 28790.71,
            "returning_customer_revenue": 119206.50000000003
        },
        {
            "month": "2024-01",
            "total_customers": 3384,
            "new_customers": 710,
            "returning_customers": 2674,
            "new_percentage": 20.98,
            "returning_percentage": 79.02,
            "total_revenue": 99185.44999999998,
            "new_customer_revenue": 14649.099999999999,
            "returning_customer_revenue": 84536.34999999998
        },
        {
            "month": "2024-02",
            "total_customers": 3463,
            "new_customers": 763,
            "returning_customers": 2700,
            "new_percentage": 22.03,
            "returning_percentage": 77.97,
            "total_revenue": 97608.63,
            "new_customer_revenue": 17165.21,
            "returning_customer_revenue": 80443.42000000001
        },
        {
            "month": "2024-03",
            "total_customers": 4024,
            "new_customers": 962,
            "returning_customers": 3062,
            "new_percentage": 23.91,
            "returning_percentage": 76.09,
            "total_revenue": 111281.22,
            "new_customer_revenue": 21348.199999999997,
            "returning_customer_revenue": 89933.02
        },
        {
            "month": "2024-04",
            "total_customers": 3311,
            "new_customers": 731,
            "returning_customers": 2580,
            "new_percentage": 22.08,
            "returning_percentage": 77.92,
            "total_revenue": 97742.64,
            "new_customer_revenue": 17563.699999999997,
            "returning_customer_revenue": 80178.94
        },
        {
            "month": "2024-05",
            "total_customers": 3405,
            "new_customers": 753,
            "returning_customers": 2652,
            "new_percentage": 22.11,
            "returning_percentage": 77.89,
            "total_revenue": 107733.02,
            "new_customer_revenue": 22467.7,
            "returning_customer_revenue": 85265.32
        },
        {
            "month": "2024-06",
            "total_customers": 3427,
            "new_customers": 801,
            "returning_customers": 2626,
            "new_percentage": 23.37,
            "returning_percentage": 76.63,
            "total_revenue": 111914.44,
            "new_customer_revenue": 24259.300000000003,
            "returning_customer_revenue": 87655.14
        },
        {
            "month": "2024-07",
            "total_customers": 3415,
            "new_customers": 814,
            "returning_customers": 2601,
            "new_percentage": 23.84,
            "returning_percentage": 76.16,
            "total_revenue": 113204.25,
            "new_customer_revenue": 22830.8,
            "returning_customer_revenue": 90373.45
        },
        {
            "month": "2024-08",
            "total_customers": 3246,
            "new_customers": 801,
            "returning_customers": 2445,
            "new_percentage": 24.68,
            "returning_percentage": 75.32,
            "total_revenue": 112309.46000000002,
            "new_customer_revenue": 26610.11,
            "returning_customer_revenue": 85699.35000000002
        },
        {
            "month": "2024-09",
            "total_customers": 3239,
            "new_customers": 836,
            "returning_customers": 2403,
            "new_percentage": 25.81,
            "returning_percentage": 74.19,
            "total_revenue": 114368.33,
            "new_customer_revenue": 24412.91,
            "returning_customer_revenue": 89955.42
        },
        {
            "month": "2024-10",
            "total_customers": 3005,
            "new_customers": 731,
            "returning_customers": 2274,
            "new_percentage": 24.33,
            "returning_percentage": 75.67,
            "total_revenue": 105987.46,
            "new_customer_revenue": 20447.21,
            "returning_customer_revenue": 85540.25
        },
        {
            "month": "2024-11",
            "total_customers": 3069,
            "new_customers": 729,
            "returning_customers": 2340,
            "new_percentage": 23.75,
            "returning_percentage": 76.25,
            "total_revenue": 96976.08,
            "new_customer_revenue": 17213.510000000002,
            "returning_customer_revenue": 79762.57
        },
        {
            "month": "2024-12",
            "total_customers": 4056,
            "new_customers": 1021,
            "returning_customers": 3035,
            "new_percentage": 25.17,
            "returning_percentage": 74.83,
            "total_revenue": 120625.57,
            "new_customer_revenue": 25372.809999999998,
            "returning_customer_revenue": 95252.76000000001
        },
        {
            "month": "2025-01",
            "total_customers": 3022,
            "new_customers": 680,
            "returning_customers": 2342,
            "new_percentage": 22.5,
            "returning_percentage": 77.5,
            "total_revenue": 100959.75,
            "new_customer_revenue": 19586.410000000003,
            "returning_customer_revenue": 81373.34
        },
        {
            "month": "2025-02",
            "total_customers": 2864,
            "new_customers": 587,
            "returning_customers": 2277,
            "new_percentage": 20.5,
            "returning_percentage": 79.5,
            "total_revenue": 94078.01999999999,
            "new_customer_revenue": 14350.4,
            "returning_customer_revenue": 79727.62
        },
        {
            "month": "2025-03",
            "total_customers": 3196,
            "new_customers": 1026,
            "returning_customers": 2170,
            "new_percentage": 32.1,
            "returning_percentage": 67.9,
            "total_revenue": 108137.85999999999,
            "new_customer_revenue": 37560.8,
            "returning_customer_revenue": 70577.05999999998
        }
    ],
    "Basic LTV": 33.83537546933667,
    "Advanced LTV": 2107.3401900196823,
    "Average Purchase Value": 11.754115217391304,
    "Average Purchase Frequency": 2.8785982478097623,
    "Average Customer LifeSpan (Months)": 62.28215767634855
}