{
    "weekly_breakdown": [
        {
            "week": "Jan 03, 2022 - Jan 09, 2022",
            "total_customers": 1081,
            "new_customers": 1081,
            "returning_customers": 0,
            "new_percentage": 100.0,
            "returning_percentage": 0.0,
            "total_revenue": 16396.949999999997,
            "new_customer_revenue": 16396.949999999997,
            "returning_customer_revenue": 0.0
        },
        {
            "week": "Jan 10, 2022 - Jan 16, 2022",
            "total_customers": 1245,
            "new_customers": 859,
            "returning_customers": 386,
            "new_percentage": 69.0,
            "returning_percentage": 31.0,
            "total_revenue": 19084.4,
            "new_customer_revenue": 11090.1,
            "returning_customer_revenue": 7994.300000000001
        },
        {
            "week": "Jan 17, 2022 - Jan 23, 2022",
            "total_customers": 1283,
            "new_customers": 728,
            "returning_customers": 555,
            "new_percentage": 56.74,
            "returning_percentage": 43.26,
            "total_revenue": 19174.7,
            "new_customer_revenue": 9138.0,
            "returning_customer_revenue": 10036.7
        },
        {
            "week": "Jan 24, 2022 - Jan 30, 2022",
            "total_customers": 1466,
            "new_customers": 789,
            "returning_customers": 677,
            "new_percentage": 53.82,
            "returning_percentage": 46.18,
            "total_revenue": 22240.9,
            "new_customer_revenue": 10333.7,
            "returning_customer_revenue": 11907.2
        },
        {
            "week": "Jan 31, 2022 - Feb 06, 2022",
            "total_customers": 1482,
            "new_customers": 713,
            "returning_customers": 769,
            "new_percentage": 48.11,
            "returning_percentage": 51.89,
            "total_revenue": 22409.6,
            "new_customer_revenue": 9040.85,
            "returning_customer_revenue": 13368.749999999998
        },
        {
            "week": "Feb 07, 2022 - Feb 13, 2022",
            "total_customers": 1563,
            "new_customers": 679,
            "returning_customers": 884,
            "new_percentage": 43.44,
            "returning_percentage": 56.56,
            "total_revenue": 24585.5,
            "new_customer_revenue": 9050.5,
            "returning_customer_revenue": 15535.0
        },
        {
            "week": "Feb 14, 2022 - Feb 20, 2022",
            "total_customers": 1735,
            "new_customers": 801,
            "returning_customers": 934,
            "new_percentage": 46.17,
            "returning_percentage": 53.83,
            "total_revenue": 26864.8,
            "new_customer_revenue": 11164.45,
            "returning_customer_revenue": 15700.349999999999
        },
        {
            "week": "Feb 21, 2022 - Feb 27, 2022",
            "total_customers": 1638,
            "new_customers": 686,
            "returning_customers": 952,
            "new_percentage": 41.88,
            "returning_percentage": 58.12,
            "total_revenue": 26516.45,
            "new_customer_revenue": 9123.400000000001,
            "returning_customer_revenue": 17393.05
        },
        {
            "week": "Feb 28, 2022 - Mar 06, 2022",
            "total_customers": 1678,
            "new_customers": 693,
            "returning_customers": 985,
            "new_percentage": 41.3,
            "returning_percentage": 58.7,
            "total_revenue": 26771.46,
            "new_customer_revenue": 9585.35,
            "returning_customer_revenue": 17186.11
        },
        {
            "week": "Mar 07, 2022 - Mar 13, 2022",
            "total_customers": 1609,
            "new_customers": 610,
            "returning_customers": 999,
            "new_percentage": 37.91,
            "returning_percentage": 62.09,
            "total_revenue": 24285.1,
            "new_customer_revenue": 7811.150000000001,
            "returning_customer_revenue": 16473.949999999997
        },
        {
            "week": "Mar 14, 2022 - Mar 20, 2022",
            "total_customers": 1581,
            "new_customers": 563,
            "returning_customers": 1018,
            "new_percentage": 35.61,
            "returning_percentage": 64.39,
            "total_revenue": 25365.049999999996,
            "new_customer_revenue": 7524.3,
            "returning_customer_revenue": 17840.749999999996
        },
        {
            "week": "Mar 21, 2022 - Mar 27, 2022",
            "total_customers": 1649,
            "new_customers": 560,
            "returning_customers": 1089,
            "new_percentage": 33.96,
            "returning_percentage": 66.04,
            "total_revenue": 26002.61,
            "new_customer_revenue": 7372.41,
            "returning_customer_revenue": 18630.2
        },
        {
            "week": "Mar 28, 2022 - Apr 03, 2022",
            "total_customers": 1641,
            "new_customers": 564,
            "returning_customers": 1077,
            "new_percentage": 34.37,
            "returning_percentage": 65.63,
            "total_revenue": 27267.6,
            "new_customer_revenue": 8315.35,
            "returning_customer_revenue": 18952.25
        },
        {
            "week": "Apr 04, 2022 - Apr 10, 2022",
            "total_customers": 1712,
            "new_customers": 580,
            "returning_customers": 1132,
            "new_percentage": 33.88,
            "returning_percentage": 66.12,
            "total_revenue": 29557.65,
            "new_customer_revenue": 9172.75,
            "returning_customer_revenue": 20384.9
        },
        {
            "week": "Apr 11, 2022 - Apr 17, 2022",
            "total_customers": 1799,
            "new_customers": 589,
            "returning_customers": 1210,
            "new_percentage": 32.74,
            "returning_percentage": 67.26,
            "total_revenue": 29727.15,
            "new_customer_revenue": 8445.9,
            "returning_customer_revenue": 21281.25
        },
        {
            "week": "Apr 18, 2022 - Apr 24, 2022",
            "total_customers": 1572,
            "new_customers": 493,
            "returning_customers": 1079,
            "new_percentage": 31.36,
            "returning_percentage": 68.64,
            "total_revenue": 26099.25,
            "new_customer_revenue": 6781.849999999999,
            "returning_customer_revenue": 19317.4
        },
        {
            "week": "Apr 25, 2022 - May 01, 2022",
            "total_customers": 1804,
            "new_customers": 569,
            "returning_customers": 1235,
            "new_percentage": 31.54,
            "returning_percentage": 68.46,
            "total_revenue": 30970.309999999998,
            "new_customer_revenue": 8682.65,
            "returning_customer_revenue": 22287.659999999996
        },
        {
            "week": "May 02, 2022 - May 08, 2022",
            "total_customers": 1665,
            "new_customers": 484,
            "returning_customers": 1181,
            "new_percentage": 29.07,
            "returning_percentage": 70.93,
            "total_revenue": 29533.260000000002,
            "new_customer_revenue": 8097.05,
            "returning_customer_revenue": 21436.210000000003
        },
        {
            "week": "May 09, 2022 - May 15, 2022",
            "total_customers": 1388,
            "new_customers": 375,
            "returning_customers": 1013,
            "new_percentage": 27.02,
            "returning_percentage": 72.98,
            "total_revenue": 25603.7,
            "new_customer_revenue": 6302.2,
            "returning_customer_revenue": 19301.5
        },
        {
            "week": "Jun 27, 2022 - Jul 03, 2022",
            "total_customers": 1158,
            "new_customers": 373,
            "returning_customers": 785,
            "new_percentage": 32.21,
            "returning_percentage": 67.79,
            "total_revenue": 18990.45,
            "new_customer_revenue": 6578.7,
            "returning_customer_revenue": 12411.75
        },
        {
            "week": "Jul 11, 2022 - Jul 17, 2022",
            "total_customers": 321,
            "new_customers": 95,
            "returning_customers": 226,
            "new_percentage": 29.6,
            "returning_percentage": 70.4,
            "total_revenue": 4753.6,
            "new_customer_revenue": 2128.7999999999997,
            "returning_customer_revenue": 2624.8000000000006
        },
        {
            "week": "Jul 18, 2022 - Jul 24, 2022",
            "total_customers": 1383,
            "new_customers": 428,
            "returning_customers": 955,
            "new_percentage": 30.95,
            "returning_percentage": 69.05,
            "total_revenue": 26205.6,
            "new_customer_revenue": 8349.75,
            "returning_customer_revenue": 17855.85
        },
        {
            "week": "Sep 19, 2022 - Sep 25, 2022",
            "total_customers": 842,
            "new_customers": 298,
            "returning_customers": 544,
            "new_percentage": 35.39,
            "returning_percentage": 64.61,
            "total_revenue": 12786.449999999999,
            "new_customer_revenue": 4407.75,
            "returning_customer_revenue": 8378.699999999999
        },
        {
            "week": "Sep 26, 2022 - Oct 02, 2022",
            "total_customers": 1541,
            "new_customers": 516,
            "returning_customers": 1025,
            "new_percentage": 33.48,
            "returning_percentage": 66.52,
            "total_revenue": 30052.25,
            "new_customer_revenue": 10931.3,
            "returning_customer_revenue": 19120.95
        },
        {
            "week": "Oct 03, 2022 - Oct 09, 2022",
            "total_customers": 1545,
            "new_customers": 463,
            "returning_customers": 1082,
            "new_percentage": 29.97,
            "returning_percentage": 70.03,
            "total_revenue": 28688.0,
            "new_customer_revenue": 8182.85,
            "returning_customer_revenue": 20505.15
        },
        {
            "week": "Oct 10, 2022 - Oct 16, 2022",
            "total_customers": 1491,
            "new_customers": 394,
            "returning_customers": 1097,
            "new_percentage": 26.43,
            "returning_percentage": 73.57,
            "total_revenue": 27189.4,
            "new_customer_revenue": 6732.05,
            "returning_customer_revenue": 20457.350000000002
        },
        {
            "week": "Oct 17, 2022 - Oct 23, 2022",
            "total_customers": 866,
            "new_customers": 177,
            "returning_customers": 689,
            "new_percentage": 20.44,
            "returning_percentage": 79.56,
            "total_revenue": 16229.45,
            "new_customer_revenue": 3606.6000000000004,
            "returning_customer_revenue": 12622.85
        },
        {
            "week": "Oct 24, 2022 - Oct 30, 2022",
            "total_customers": 338,
            "new_customers": 101,
            "returning_customers": 237,
            "new_percentage": 29.88,
            "returning_percentage": 70.12,
            "total_revenue": 4277.0,
            "new_customer_revenue": 1468.25,
            "returning_customer_revenue": 2808.75
        },
        {
            "week": "Oct 31, 2022 - Nov 06, 2022",
            "total_customers": 1420,
            "new_customers": 351,
            "returning_customers": 1069,
            "new_percentage": 24.72,
            "returning_percentage": 75.28,
            "total_revenue": 26765.85,
            "new_customer_revenue": 6316.0,
            "returning_customer_revenue": 20449.85
        },
        {
            "week": "Nov 07, 2022 - Nov 13, 2022",
            "total_customers": 1569,
            "new_customers": 376,
            "returning_customers": 1193,
            "new_percentage": 23.96,
            "returning_percentage": 76.04,
            "total_revenue": 29065.800000000003,
            "new_customer_revenue": 7075.35,
            "returning_customer_revenue": 21990.450000000004
        },
        {
            "week": "Nov 14, 2022 - Nov 20, 2022",
            "total_customers": 1599,
            "new_customers": 392,
            "returning_customers": 1207,
            "new_percentage": 24.52,
            "returning_percentage": 75.48,
            "total_revenue": 27534.8,
            "new_customer_revenue": 5983.499999999999,
            "returning_customer_revenue": 21551.3
        },
        {
            "week": "Nov 21, 2022 - Nov 27, 2022",
            "total_customers": 1667,
            "new_customers": 396,
            "returning_customers": 1271,
            "new_percentage": 23.76,
            "returning_percentage": 76.24,
            "total_revenue": 31609.0,
            "new_customer_revenue": 7133.599999999999,
            "returning_customer_revenue": 24475.4
        },
        {
            "week": "Nov 28, 2022 - Dec 04, 2022",
            "total_customers": 1667,
            "new_customers": 413,
            "returning_customers": 1254,
            "new_percentage": 24.78,
            "returning_percentage": 75.22,
            "total_revenue": 29323.699999999997,
            "new_customer_revenue": 6813.0,
            "returning_customer_revenue": 22510.699999999997
        },
        {
            "week": "Dec 05, 2022 - Dec 11, 2022",
            "total_customers": 2022,
            "new_customers": 609,
            "returning_customers": 1413,
            "new_percentage": 30.12,
            "returning_percentage": 69.88,
            "total_revenue": 37901.899999999994,
            "new_customer_revenue": 10924.7,
            "returning_customer_revenue": 26977.199999999993
        },
        {
            "week": "Dec 12, 2022 - Dec 18, 2022",
            "total_customers": 2092,
            "new_customers": 608,
            "returning_customers": 1484,
            "new_percentage": 29.06,
            "returning_percentage": 70.94,
            "total_revenue": 39464.45,
            "new_customer_revenue": 10553.05,
            "returning_customer_revenue": 28911.399999999998
        },
        {
            "week": "Dec 19, 2022 - Dec 25, 2022",
            "total_customers": 1929,
            "new_customers": 434,
            "returning_customers": 1495,
            "new_percentage": 22.5,
            "returning_percentage": 77.5,
            "total_revenue": 36691.2,
            "new_customer_revenue": 7483.1,
            "returning_customer_revenue": 29208.1
        },
        {
            "week": "Dec 26, 2022 - Jan 01, 2023",
            "total_customers": 2036,
            "new_customers": 516,
            "returning_customers": 1520,
            "new_percentage": 25.34,
            "returning_percentage": 74.66,
            "total_revenue": 40771.05,
            "new_customer_revenue": 10243.35,
            "returning_customer_revenue": 30527.700000000004
        },
        {
            "week": "Jan 02, 2023 - Jan 08, 2023",
            "total_customers": 1101,
            "new_customers": 164,
            "returning_customers": 937,
            "new_percentage": 14.9,
            "returning_percentage": 85.1,
            "total_revenue": 20046.75,
            "new_customer_revenue": 2807.7000000000003,
            "returning_customer_revenue": 17239.05
        },
        {
            "week": "Jan 09, 2023 - Jan 15, 2023",
            "total_customers": 1318,
            "new_customers": 241,
            "returning_customers": 1077,
            "new_percentage": 18.29,
            "returning_percentage": 81.71,
            "total_revenue": 23662.45,
            "new_customer_revenue": 4166.0,
            "returning_customer_revenue": 19496.45
        },
        {
            "week": "Jan 16, 2023 - Jan 22, 2023",
            "total_customers": 1466,
            "new_customers": 265,
            "returning_customers": 1201,
            "new_percentage": 18.08,
            "returning_percentage": 81.92,
            "total_revenue": 26933.0,
            "new_customer_revenue": 4456.200000000001,
            "returning_customer_revenue": 22476.8
        },
        {
            "week": "Jan 23, 2023 - Jan 29, 2023",
            "total_customers": 1519,
            "new_customers": 306,
            "returning_customers": 1213,
            "new_percentage": 20.14,
            "returning_percentage": 79.86,
            "total_revenue": 25976.5,
            "new_customer_revenue": 5127.15,
            "returning_customer_revenue": 20849.35
        },
        {
            "week": "Jan 30, 2023 - Feb 05, 2023",
            "total_customers": 1437,
            "new_customers": 240,
            "returning_customers": 1197,
            "new_percentage": 16.7,
            "returning_percentage": 83.3,
            "total_revenue": 25812.75,
            "new_customer_revenue": 4020.2499999999995,
            "returning_customer_revenue": 21792.5
        },
        {
            "week": "Feb 06, 2023 - Feb 12, 2023",
            "total_customers": 1488,
            "new_customers": 274,
            "returning_customers": 1214,
            "new_percentage": 18.41,
            "returning_percentage": 81.59,
            "total_revenue": 26908.55,
            "new_customer_revenue": 5106.650000000001,
            "returning_customer_revenue": 21801.899999999998
        },
        {
            "week": "Feb 13, 2023 - Feb 19, 2023",
            "total_customers": 1511,
            "new_customers": 289,
            "returning_customers": 1222,
            "new_percentage": 19.13,
            "returning_percentage": 80.87,
            "total_revenue": 26438.4,
            "new_customer_revenue": 4556.25,
            "returning_customer_revenue": 21882.15
        },
        {
            "week": "Feb 20, 2023 - Feb 26, 2023",
            "total_customers": 1495,
            "new_customers": 273,
            "returning_customers": 1222,
            "new_percentage": 18.26,
            "returning_percentage": 81.74,
            "total_revenue": 26938.5,
            "new_customer_revenue": 4185.85,
            "returning_customer_revenue": 22752.65
        },
        {
            "week": "Feb 27, 2023 - Mar 05, 2023",
            "total_customers": 1491,
            "new_customers": 245,
            "returning_customers": 1246,
            "new_percentage": 16.43,
            "returning_percentage": 83.57,
            "total_revenue": 28171.05,
            "new_customer_revenue": 3920.7000000000003,
            "returning_customer_revenue": 24250.35
        },
        {
            "week": "Mar 06, 2023 - Mar 12, 2023",
            "total_customers": 1462,
            "new_customers": 254,
            "returning_customers": 1208,
            "new_percentage": 17.37,
            "returning_percentage": 82.63,
            "total_revenue": 27042.399999999998,
            "new_customer_revenue": 4272.299999999999,
            "returning_customer_revenue": 22770.1
        },
        {
            "week": "Mar 13, 2023 - Mar 19, 2023",
            "total_customers": 1572,
            "new_customers": 302,
            "returning_customers": 1270,
            "new_percentage": 19.21,
            "returning_percentage": 80.79,
            "total_revenue": 29913.6,
            "new_customer_revenue": 6265.75,
            "returning_customer_revenue": 23647.85
        },
        {
            "week": "Mar 20, 2023 - Mar 26, 2023",
            "total_customers": 1575,
            "new_customers": 289,
            "returning_customers": 1286,
            "new_percentage": 18.35,
            "returning_percentage": 81.65,
            "total_revenue": 28356.15,
            "new_customer_revenue": 4990.799999999999,
            "returning_customer_revenue": 23365.350000000002
        },
        {
            "week": "Mar 27, 2023 - Apr 02, 2023",
            "total_customers": 1638,
            "new_customers": 310,
            "returning_customers": 1328,
            "new_percentage": 18.93,
            "returning_percentage": 81.07,
            "total_revenue": 28547.61,
            "new_customer_revenue": 4839.35,
            "returning_customer_revenue": 23708.260000000002
        },
        {
            "week": "Apr 03, 2023 - Apr 09, 2023",
            "total_customers": 1655,
            "new_customers": 310,
            "returning_customers": 1345,
            "new_percentage": 18.73,
            "returning_percentage": 81.27,
            "total_revenue": 27577.8,
            "new_customer_revenue": 4481.950000000001,
            "returning_customer_revenue": 23095.85
        },
        {
            "week": "Apr 10, 2023 - Apr 16, 2023",
            "total_customers": 1570,
            "new_customers": 286,
            "returning_customers": 1284,
            "new_percentage": 18.22,
            "returning_percentage": 81.78,
            "total_revenue": 26665.25,
            "new_customer_revenue": 4277.599999999999,
            "returning_customer_revenue": 22387.65
        },
        {
            "week": "Apr 17, 2023 - Apr 23, 2023",
            "total_customers": 1557,
            "new_customers": 287,
            "returning_customers": 1270,
            "new_percentage": 18.43,
            "returning_percentage": 81.57,
            "total_revenue": 27177.1,
            "new_customer_revenue": 4196.3,
            "returning_customer_revenue": 22980.8
        },
        {
            "week": "Apr 24, 2023 - Apr 30, 2023",
            "total_customers": 1721,
            "new_customers": 277,
            "returning_customers": 1444,
            "new_percentage": 16.1,
            "returning_percentage": 83.9,
            "total_revenue": 31343.199999999997,
            "new_customer_revenue": 4579.7,
            "returning_customer_revenue": 26763.499999999996
        },
        {
            "week": "May 01, 2023 - May 07, 2023",
            "total_customers": 1677,
            "new_customers": 270,
            "returning_customers": 1407,
            "new_percentage": 16.1,
            "returning_percentage": 83.9,
            "total_revenue": 30044.85,
            "new_customer_revenue": 4757.25,
            "returning_customer_revenue": 25287.6
        },
        {
            "week": "May 08, 2023 - May 14, 2023",
            "total_customers": 1512,
            "new_customers": 236,
            "returning_customers": 1276,
            "new_percentage": 15.61,
            "returning_percentage": 84.39,
            "total_revenue": 29861.3,
            "new_customer_revenue": 4755.549999999999,
            "returning_customer_revenue": 25105.75
        },
        {
            "week": "May 15, 2023 - May 21, 2023",
            "total_customers": 1488,
            "new_customers": 261,
            "returning_customers": 1227,
            "new_percentage": 17.54,
            "returning_percentage": 82.46,
            "total_revenue": 27937.25,
            "new_customer_revenue": 4926.3,
            "returning_customer_revenue": 23010.95
        },
        {
            "week": "May 22, 2023 - May 28, 2023",
            "total_customers": 1608,
            "new_customers": 279,
            "returning_customers": 1329,
            "new_percentage": 17.35,
            "returning_percentage": 82.65,
            "total_revenue": 31003.449999999997,
            "new_customer_revenue": 6009.5,
            "returning_customer_revenue": 24993.949999999997
        },
        {
            "week": "May 29, 2023 - Jun 04, 2023",
            "total_customers": 1506,
            "new_customers": 258,
            "returning_customers": 1248,
            "new_percentage": 17.13,
            "returning_percentage": 82.87,
            "total_revenue": 31148.649999999998,
            "new_customer_revenue": 4981.4,
            "returning_customer_revenue": 26167.25
        },
        {
            "week": "Jun 05, 2023 - Jun 11, 2023",
            "total_customers": 1563,
            "new_customers": 297,
            "returning_customers": 1266,
            "new_percentage": 19.0,
            "returning_percentage": 81.0,
            "total_revenue": 29867.5,
            "new_customer_revenue": 5063.6,
            "returning_customer_revenue": 24803.9
        },
        {
            "week": "Jun 12, 2023 - Jun 18, 2023",
            "total_customers": 1657,
            "new_customers": 309,
            "returning_customers": 1348,
            "new_percentage": 18.65,
            "returning_percentage": 81.35,
            "total_revenue": 31863.4,
            "new_customer_revenue": 4759.6,
            "returning_customer_revenue": 27103.800000000003
        },
        {
            "week": "Jun 19, 2023 - Jun 25, 2023",
            "total_customers": 1608,
            "new_customers": 258,
            "returning_customers": 1350,
            "new_percentage": 16.04,
            "returning_percentage": 83.96,
            "total_revenue": 30796.050000000003,
            "new_customer_revenue": 4631.7,
            "returning_customer_revenue": 26164.350000000002
        },
        {
            "week": "Jun 26, 2023 - Jul 02, 2023",
            "total_customers": 1716,
            "new_customers": 316,
            "returning_customers": 1400,
            "new_percentage": 18.41,
            "returning_percentage": 81.59,
            "total_revenue": 34998.0,
            "new_customer_revenue": 6471.6,
            "returning_customer_revenue": 28526.4
        },
        {
            "week": "Jul 03, 2023 - Jul 09, 2023",
            "total_customers": 1624,
            "new_customers": 278,
            "returning_customers": 1346,
            "new_percentage": 17.12,
            "returning_percentage": 82.88,
            "total_revenue": 29846.199999999997,
            "new_customer_revenue": 4747.4,
            "returning_customer_revenue": 25098.799999999996
        },
        {
            "week": "Jul 10, 2023 - Jul 16, 2023",
            "total_customers": 1665,
            "new_customers": 321,
            "returning_customers": 1344,
            "new_percentage": 19.28,
            "returning_percentage": 80.72,
            "total_revenue": 31538.199999999997,
            "new_customer_revenue": 5393.0,
            "returning_customer_revenue": 26145.199999999997
        },
        {
            "week": "Jul 17, 2023 - Jul 23, 2023",
            "total_customers": 1624,
            "new_customers": 301,
            "returning_customers": 1323,
            "new_percentage": 18.53,
            "returning_percentage": 81.47,
            "total_revenue": 31267.3,
            "new_customer_revenue": 6455.6,
            "returning_customer_revenue": 24811.699999999997
        },
        {
            "week": "Jul 24, 2023 - Jul 30, 2023",
            "total_customers": 1523,
            "new_customers": 242,
            "returning_customers": 1281,
            "new_percentage": 15.89,
            "returning_percentage": 84.11,
            "total_revenue": 26844.8,
            "new_customer_revenue": 4169.1,
            "returning_customer_revenue": 22675.699999999997
        },
        {
            "week": "Jul 31, 2023 - Aug 06, 2023",
            "total_customers": 1458,
            "new_customers": 220,
            "returning_customers": 1238,
            "new_percentage": 15.09,
            "returning_percentage": 84.91,
            "total_revenue": 26610.0,
            "new_customer_revenue": 4435.7,
            "returning_customer_revenue": 22174.3
        },
        {
            "week": "Aug 07, 2023 - Aug 13, 2023",
            "total_customers": 1460,
            "new_customers": 249,
            "returning_customers": 1211,
            "new_percentage": 17.05,
            "returning_percentage": 82.95,
            "total_revenue": 27075.5,
            "new_customer_revenue": 4469.599999999999,
            "returning_customer_revenue": 22605.9
        },
        {
            "week": "Aug 14, 2023 - Aug 20, 2023",
            "total_customers": 1460,
            "new_customers": 248,
            "returning_customers": 1212,
            "new_percentage": 16.99,
            "returning_percentage": 83.01,
            "total_revenue": 26894.600000000002,
            "new_customer_revenue": 4759.2,
            "returning_customer_revenue": 22135.4
        },
        {
            "week": "Aug 21, 2023 - Aug 27, 2023",
            "total_customers": 1587,
            "new_customers": 264,
            "returning_customers": 1323,
            "new_percentage": 16.64,
            "returning_percentage": 83.36,
            "total_revenue": 29197.699999999997,
            "new_customer_revenue": 4639.9,
            "returning_customer_revenue": 24557.799999999996
        },
        {
            "week": "Aug 28, 2023 - Sep 03, 2023",
            "total_customers": 1454,
            "new_customers": 230,
            "returning_customers": 1224,
            "new_percentage": 15.82,
            "returning_percentage": 84.18,
            "total_revenue": 27323.2,
            "new_customer_revenue": 4714.599999999999,
            "returning_customer_revenue": 22608.600000000002
        },
        {
            "week": "Sep 04, 2023 - Sep 10, 2023",
            "total_customers": 1533,
            "new_customers": 282,
            "returning_customers": 1251,
            "new_percentage": 18.4,
            "returning_percentage": 81.6,
            "total_revenue": 29083.600000000002,
            "new_customer_revenue": 5311.6,
            "returning_customer_revenue": 23772.0
        },
        {
            "week": "Sep 11, 2023 - Sep 17, 2023",
            "total_customers": 1507,
            "new_customers": 257,
            "returning_customers": 1250,
            "new_percentage": 17.05,
            "returning_percentage": 82.95,
            "total_revenue": 29283.899999999998,
            "new_customer_revenue": 5356.7,
            "returning_customer_revenue": 23927.199999999997
        },
        {
            "week": "Sep 18, 2023 - Sep 24, 2023",
            "total_customers": 1513,
            "new_customers": 244,
            "returning_customers": 1269,
            "new_percentage": 16.13,
            "returning_percentage": 83.87,
            "total_revenue": 28606.6,
            "new_customer_revenue": 3782.3,
            "returning_customer_revenue": 24824.3
        },
        {
            "week": "Sep 25, 2023 - Oct 01, 2023",
            "total_customers": 1534,
            "new_customers": 265,
            "returning_customers": 1269,
            "new_percentage": 17.28,
            "returning_percentage": 82.72,
            "total_revenue": 30187.7,
            "new_customer_revenue": 4915.5,
            "returning_customer_revenue": 25272.2
        },
        {
            "week": "Oct 02, 2023 - Oct 08, 2023",
            "total_customers": 1428,
            "new_customers": 227,
            "returning_customers": 1201,
            "new_percentage": 15.9,
            "returning_percentage": 84.1,
            "total_revenue": 26981.200000000004,
            "new_customer_revenue": 4245.2,
            "returning_customer_revenue": 22736.000000000004
        },
        {
            "week": "Oct 09, 2023 - Oct 15, 2023",
            "total_customers": 1498,
            "new_customers": 204,
            "returning_customers": 1294,
            "new_percentage": 13.62,
            "returning_percentage": 86.38,
            "total_revenue": 27288.1,
            "new_customer_revenue": 3262.6000000000004,
            "returning_customer_revenue": 24025.5
        },
        {
            "week": "Oct 16, 2023 - Oct 22, 2023",
            "total_customers": 1445,
            "new_customers": 223,
            "returning_customers": 1222,
            "new_percentage": 15.43,
            "returning_percentage": 84.57,
            "total_revenue": 26759.9,
            "new_customer_revenue": 4371.5,
            "returning_customer_revenue": 22388.4
        },
        {
            "week": "Oct 23, 2023 - Oct 29, 2023",
            "total_customers": 1488,
            "new_customers": 220,
            "returning_customers": 1268,
            "new_percentage": 14.78,
            "returning_percentage": 85.22,
            "total_revenue": 26157.6,
            "new_customer_revenue": 4215.6,
            "returning_customer_revenue": 21942.0
        },
        {
            "week": "Oct 30, 2023 - Nov 05, 2023",
            "total_customers": 1408,
            "new_customers": 206,
            "returning_customers": 1202,
            "new_percentage": 14.63,
            "returning_percentage": 85.37,
            "total_revenue": 25480.6,
            "new_customer_revenue": 3713.1,
            "returning_customer_revenue": 21767.5
        },
        {
            "week": "Nov 06, 2023 - Nov 12, 2023",
            "total_customers": 1459,
            "new_customers": 201,
            "returning_customers": 1258,
            "new_percentage": 13.78,
            "returning_percentage": 86.22,
            "total_revenue": 26358.100000000002,
            "new_customer_revenue": 3234.4000000000005,
            "returning_customer_revenue": 23123.7
        },
        {
            "week": "Nov 13, 2023 - Nov 19, 2023",
            "total_customers": 1349,
            "new_customers": 209,
            "returning_customers": 1140,
            "new_percentage": 15.49,
            "returning_percentage": 84.51,
            "total_revenue": 23369.8,
            "new_customer_revenue": 3116.7000000000003,
            "returning_customer_revenue": 20253.1
        },
        {
            "week": "Nov 20, 2023 - Nov 26, 2023",
            "total_customers": 1353,
            "new_customers": 220,
            "returning_customers": 1133,
            "new_percentage": 16.26,
            "returning_percentage": 83.74,
            "total_revenue": 23081.0,
            "new_customer_revenue": 3737.1,
            "returning_customer_revenue": 19343.9
        },
        {
            "week": "Nov 27, 2023 - Dec 03, 2023",
            "total_customers": 1547,
            "new_customers": 256,
            "returning_customers": 1291,
            "new_percentage": 16.55,
            "returning_percentage": 83.45,
            "total_revenue": 27099.9,
            "new_customer_revenue": 3920.9,
            "returning_customer_revenue": 23179.0
        },
        {
            "week": "Dec 04, 2023 - Dec 10, 2023",
            "total_customers": 1668,
            "new_customers": 280,
            "returning_customers": 1388,
            "new_percentage": 16.79,
            "returning_percentage": 83.21,
            "total_revenue": 30643.699999999997,
            "new_customer_revenue": 4991.6,
            "returning_customer_revenue": 25652.1
        },
        {
            "week": "Dec 11, 2023 - Dec 17, 2023",
            "total_customers": 1781,
            "new_customers": 297,
            "returning_customers": 1484,
            "new_percentage": 16.68,
            "returning_percentage": 83.32,
            "total_revenue": 33323.6,
            "new_customer_revenue": 5672.5,
            "returning_customer_revenue": 27651.1
        },
        {
            "week": "Dec 18, 2023 - Dec 24, 2023",
            "total_customers": 1856,
            "new_customers": 290,
            "returning_customers": 1566,
            "new_percentage": 15.62,
            "returning_percentage": 84.38,
            "total_revenue": 32950.0,
            "new_customer_revenue": 5173.700000000001,
            "returning_customer_revenue": 27776.3
        },
        {
            "week": "Dec 25, 2023 - Dec 31, 2023",
            "total_customers": 1812,
            "new_customers": 344,
            "returning_customers": 1468,
            "new_percentage": 18.98,
            "returning_percentage": 81.02,
            "total_revenue": 35443.71000000001,
            "new_customer_revenue": 7402.91,
            "returning_customer_revenue": 28040.800000000007
        },
        {
            "week": "Jan 01, 2024 - Jan 07, 2024",
            "total_customers": 1283,
            "new_customers": 169,
            "returning_customers": 1114,
            "new_percentage": 13.17,
            "returning_percentage": 86.83,
            "total_revenue": 24111.5,
            "new_customer_revenue": 3389.4999999999995,
            "returning_customer_revenue": 20722.0
        },
        {
            "week": "Jan 08, 2024 - Jan 14, 2024",
            "total_customers": 1082,
            "new_customers": 125,
            "returning_customers": 957,
            "new_percentage": 11.55,
            "returning_percentage": 88.45,
            "total_revenue": 19819.300000000003,
            "new_customer_revenue": 1780.8,
            "returning_customer_revenue": 18038.500000000004
        },
        {
            "week": "Jan 15, 2024 - Jan 21, 2024",
            "total_customers": 1280,
            "new_customers": 197,
            "returning_customers": 1083,
            "new_percentage": 15.39,
            "returning_percentage": 84.61,
            "total_revenue": 24064.03,
            "new_customer_revenue": 3998.2,
            "returning_customer_revenue": 20065.829999999998
        },
        {
            "week": "Jan 22, 2024 - Jan 28, 2024",
            "total_customers": 1284,
            "new_customers": 169,
            "returning_customers": 1115,
            "new_percentage": 13.16,
            "returning_percentage": 86.84,
            "total_revenue": 23215.11,
            "new_customer_revenue": 3207.8,
            "returning_customer_revenue": 20007.31
        },
        {
            "week": "Jan 29, 2024 - Feb 04, 2024",
            "total_customers": 1216,
            "new_customers": 158,
            "returning_customers": 1058,
            "new_percentage": 12.99,
            "returning_percentage": 87.01,
            "total_revenue": 23854.33,
            "new_customer_revenue": 4074.3999999999996,
            "returning_customer_revenue": 19779.93
        },
        {
            "week": "Feb 05, 2024 - Feb 11, 2024",
            "total_customers": 1276,
            "new_customers": 175,
            "returning_customers": 1101,
            "new_percentage": 13.71,
            "returning_percentage": 86.29,
            "total_revenue": 22599.43,
            "new_customer_revenue": 2781.8,
            "returning_customer_revenue": 19817.63
        },
        {
            "week": "Feb 12, 2024 - Feb 18, 2024",
            "total_customers": 1355,
            "new_customers": 221,
            "returning_customers": 1134,
            "new_percentage": 16.31,
            "returning_percentage": 83.69,
            "total_revenue": 24425.340000000004,
            "new_customer_revenue": 4270.200000000001,
            "returning_customer_revenue": 20155.140000000003
        },
        {
            "week": "Feb 19, 2024 - Feb 25, 2024",
            "total_customers": 1285,
            "new_customers": 193,
            "returning_customers": 1092,
            "new_percentage": 15.02,
            "returning_percentage": 84.98,
            "total_revenue": 25017.010000000002,
            "new_customer_revenue": 4304.900000000001,
            "returning_customer_revenue": 20712.11
        },
        {
            "week": "Feb 26, 2024 - Mar 03, 2024",
            "total_customers": 1279,
            "new_customers": 171,
            "returning_customers": 1108,
            "new_percentage": 13.37,
            "returning_percentage": 86.63,
            "total_revenue": 22554.45,
            "new_customer_revenue": 3661.3,
            "returning_customer_revenue": 18893.15
        },
        {
            "week": "Mar 04, 2024 - Mar 10, 2024",
            "total_customers": 1262,
            "new_customers": 219,
            "returning_customers": 1043,
            "new_percentage": 17.35,
            "returning_percentage": 82.65,
            "total_revenue": 23099.260000000002,
            "new_customer_revenue": 4448.299999999999,
            "returning_customer_revenue": 18650.960000000003
        },
        {
            "week": "Mar 11, 2024 - Mar 17, 2024",
            "total_customers": 1422,
            "new_customers": 227,
            "returning_customers": 1195,
            "new_percentage": 15.96,
            "returning_percentage": 84.04,
            "total_revenue": 25259.3,
            "new_customer_revenue": 3700.0,
            "returning_customer_revenue": 21559.3
        },
        {
            "week": "Mar 18, 2024 - Mar 24, 2024",
            "total_customers": 1231,
            "new_customers": 181,
            "returning_customers": 1050,
            "new_percentage": 14.7,
            "returning_percentage": 85.3,
            "total_revenue": 22747.62,
            "new_customer_revenue": 3015.3,
            "returning_customer_revenue": 19732.32
        },
        {
            "week": "Mar 25, 2024 - Mar 31, 2024",
            "total_customers": 1494,
            "new_customers": 232,
            "returning_customers": 1262,
            "new_percentage": 15.53,
            "returning_percentage": 84.47,
            "total_revenue": 27308.620000000003,
            "new_customer_revenue": 4575.6,
            "returning_customer_revenue": 22733.020000000004
        },
        {
            "week": "Apr 01, 2024 - Apr 07, 2024",
            "total_customers": 1139,
            "new_customers": 163,
            "returning_customers": 976,
            "new_percentage": 14.31,
            "returning_percentage": 85.69,
            "total_revenue": 21171.4,
            "new_customer_revenue": 3322.2999999999997,
            "returning_customer_revenue": 17849.100000000002
        },
        {
            "week": "Apr 08, 2024 - Apr 14, 2024",
            "total_customers": 1264,
            "new_customers": 221,
            "returning_customers": 1043,
            "new_percentage": 17.48,
            "returning_percentage": 82.52,
            "total_revenue": 25838.199999999997,
            "new_customer_revenue": 4627.0,
            "returning_customer_revenue": 21211.199999999997
        },
        {
            "week": "Apr 15, 2024 - Apr 21, 2024",
            "total_customers": 1201,
            "new_customers": 155,
            "returning_customers": 1046,
            "new_percentage": 12.91,
            "returning_percentage": 87.09,
            "total_revenue": 23682.3,
            "new_customer_revenue": 3315.2,
            "returning_customer_revenue": 20367.1
        },
        {
            "week": "Apr 22, 2024 - Apr 28, 2024",
            "total_customers": 1124,
            "new_customers": 148,
            "returning_customers": 976,
            "new_percentage": 13.17,
            "returning_percentage": 86.83,
            "total_revenue": 21481.22,
            "new_customer_revenue": 2842.7999999999997,
            "returning_customer_revenue": 18638.420000000002
        },
        {
            "week": "Apr 29, 2024 - May 05, 2024",
            "total_customers": 1287,
            "new_customers": 209,
            "returning_customers": 1078,
            "new_percentage": 16.24,
            "returning_percentage": 83.76,
            "total_revenue": 25136.25,
            "new_customer_revenue": 5000.8,
            "returning_customer_revenue": 20135.45
        },
        {
            "week": "May 06, 2024 - May 12, 2024",
            "total_customers": 1165,
            "new_customers": 153,
            "returning_customers": 1012,
            "new_percentage": 13.13,
            "returning_percentage": 86.87,
            "total_revenue": 24556.11,
            "new_customer_revenue": 4010.6000000000004,
            "returning_customer_revenue": 20545.510000000002
        },
        {
            "week": "May 13, 2024 - May 19, 2024",
            "total_customers": 1113,
            "new_customers": 163,
            "returning_customers": 950,
            "new_percentage": 14.65,
            "returning_percentage": 85.35,
            "total_revenue": 22638.03,
            "new_customer_revenue": 3553.0,
            "returning_customer_revenue": 19085.03
        },
        {
            "week": "May 20, 2024 - May 26, 2024",
            "total_customers": 1266,
            "new_customers": 189,
            "returning_customers": 1077,
            "new_percentage": 14.93,
            "returning_percentage": 85.07,
            "total_revenue": 25963.840000000004,
            "new_customer_revenue": 4733.700000000001,
            "returning_customer_revenue": 21230.140000000003
        },
        {
            "week": "May 27, 2024 - Jun 02, 2024",
            "total_customers": 1090,
            "new_customers": 144,
            "returning_customers": 946,
            "new_percentage": 13.21,
            "returning_percentage": 86.79,
            "total_revenue": 22773.410000000003,
            "new_customer_revenue": 3818.2999999999997,
            "returning_customer_revenue": 18955.110000000004
        },
        {
            "week": "Jun 03, 2024 - Jun 09, 2024",
            "total_customers": 1167,
            "new_customers": 190,
            "returning_customers": 977,
            "new_percentage": 16.28,
            "returning_percentage": 83.72,
            "total_revenue": 26480.620000000003,
            "new_customer_revenue": 5385.0,
            "returning_customer_revenue": 21095.620000000003
        },
        {
            "week": "Jun 10, 2024 - Jun 16, 2024",
            "total_customers": 1206,
            "new_customers": 190,
            "returning_customers": 1016,
            "new_percentage": 15.75,
            "returning_percentage": 84.25,
            "total_revenue": 25931.64,
            "new_customer_revenue": 4367.4,
            "returning_customer_revenue": 21564.239999999998
        },
        {
            "week": "Jun 17, 2024 - Jun 23, 2024",
            "total_customers": 1169,
            "new_customers": 179,
            "returning_customers": 990,
            "new_percentage": 15.31,
            "returning_percentage": 84.69,
            "total_revenue": 24281.74,
            "new_customer_revenue": 4599.900000000001,
            "returning_customer_revenue": 19681.84
        },
        {
            "week": "Jun 24, 2024 - Jun 30, 2024",
            "total_customers": 1209,
            "new_customers": 181,
            "returning_customers": 1028,
            "new_percentage": 14.97,
            "returning_percentage": 85.03,
            "total_revenue": 27455.34,
            "new_customer_revenue": 4991.0,
            "returning_customer_revenue": 22464.34
        },
        {
            "week": "Jul 01, 2024 - Jul 07, 2024",
            "total_customers": 1222,
            "new_customers": 183,
            "returning_customers": 1039,
            "new_percentage": 14.98,
            "returning_percentage": 85.02,
            "total_revenue": 27285.04,
            "new_customer_revenue": 4662.6,
            "returning_customer_revenue": 22622.440000000002
        },
        {
            "week": "Jul 08, 2024 - Jul 14, 2024",
            "total_customers": 1289,
            "new_customers": 196,
            "returning_customers": 1093,
            "new_percentage": 15.21,
            "returning_percentage": 84.79,
            "total_revenue": 26827.52,
            "new_customer_revenue": 4250.1,
            "returning_customer_revenue": 22577.42
        },
        {
            "week": "Jul 15, 2024 - Jul 21, 2024",
            "total_customers": 1124,
            "new_customers": 186,
            "returning_customers": 938,
            "new_percentage": 16.55,
            "returning_percentage": 83.45,
            "total_revenue": 25265.72,
            "new_customer_revenue": 4109.6,
            "returning_customer_revenue": 21156.120000000003
        },
        {
            "week": "Jul 22, 2024 - Jul 28, 2024",
            "total_customers": 1124,
            "new_customers": 189,
            "returning_customers": 935,
            "new_percentage": 16.81,
            "returning_percentage": 83.19,
            "total_revenue": 24799.34,
            "new_customer_revenue": 4646.4,
            "returning_customer_revenue": 20152.940000000002
        },
        {
            "week": "Jul 29, 2024 - Aug 04, 2024",
            "total_customers": 1102,
            "new_customers": 197,
            "returning_customers": 905,
            "new_percentage": 17.88,
            "returning_percentage": 82.12,
            "total_revenue": 25717.64,
            "new_customer_revenue": 5582.1,
            "returning_customer_revenue": 20135.54
        },
        {
            "week": "Aug 05, 2024 - Aug 11, 2024",
            "total_customers": 1074,
            "new_customers": 181,
            "returning_customers": 893,
            "new_percentage": 16.85,
            "returning_percentage": 83.15,
            "total_revenue": 25654.21,
            "new_customer_revenue": 5560.4,
            "returning_customer_revenue": 20093.809999999998
        },
        {
            "week": "Aug 12, 2024 - Aug 18, 2024",
            "total_customers": 1018,
            "new_customers": 149,
            "returning_customers": 869,
            "new_percentage": 14.64,
            "returning_percentage": 85.36,
            "total_revenue": 22725.620000000003,
            "new_customer_revenue": 3856.0,
            "returning_customer_revenue": 18869.620000000003
        },
        {
            "week": "Aug 19, 2024 - Aug 25, 2024",
            "total_customers": 1137,
            "new_customers": 199,
            "returning_customers": 938,
            "new_percentage": 17.5,
            "returning_percentage": 82.5,
            "total_revenue": 25469.4,
            "new_customer_revenue": 4898.0,
            "returning_customer_revenue": 20571.4
        },
        {
            "week": "Aug 26, 2024 - Sep 01, 2024",
            "total_customers": 1052,
            "new_customers": 164,
            "returning_customers": 888,
            "new_percentage": 15.59,
            "returning_percentage": 84.41,
            "total_revenue": 25612.019999999997,
            "new_customer_revenue": 3948.1099999999997,
            "returning_customer_revenue": 21663.909999999996
        },
        {
            "week": "Sep 02, 2024 - Sep 08, 2024",
            "total_customers": 1198,
            "new_customers": 226,
            "returning_customers": 972,
            "new_percentage": 18.86,
            "returning_percentage": 81.14,
            "total_revenue": 27974.22,
            "new_customer_revenue": 5560.4,
            "returning_customer_revenue": 22413.82
        },
        {
            "week": "Sep 09, 2024 - Sep 15, 2024",
            "total_customers": 1113,
            "new_customers": 180,
            "returning_customers": 933,
            "new_percentage": 16.17,
            "returning_percentage": 83.83,
            "total_revenue": 24748.83,
            "new_customer_revenue": 4593.6,
            "returning_customer_revenue": 20155.230000000003
        },
        {
            "week": "Sep 16, 2024 - Sep 22, 2024",
            "total_customers": 1115,
            "new_customers": 180,
            "returning_customers": 935,
            "new_percentage": 16.14,
            "returning_percentage": 83.86,
            "total_revenue": 27112.129999999997,
            "new_customer_revenue": 4795.009999999999,
            "returning_customer_revenue": 22317.12
        },
        {
            "week": "Sep 23, 2024 - Sep 29, 2024",
            "total_customers": 1144,
            "new_customers": 196,
            "returning_customers": 948,
            "new_percentage": 17.13,
            "returning_percentage": 82.87,
            "total_revenue": 26550.940000000002,
            "new_customer_revenue": 4229.1,
            "returning_customer_revenue": 22321.840000000004
        },
        {
            "week": "Sep 30, 2024 - Oct 06, 2024",
            "total_customers": 1069,
            "new_customers": 169,
            "returning_customers": 900,
            "new_percentage": 15.81,
            "returning_percentage": 84.19,
            "total_revenue": 23925.32,
            "new_customer_revenue": 3765.5,
            "returning_customer_revenue": 20159.82
        },
        {
            "week": "Oct 07, 2024 - Oct 13, 2024",
            "total_customers": 1035,
            "new_customers": 161,
            "returning_customers": 874,
            "new_percentage": 15.56,
            "returning_percentage": 84.44,
            "total_revenue": 23014.02,
            "new_customer_revenue": 3622.7999999999997,
            "returning_customer_revenue": 19391.22
        },
        {
            "week": "Oct 14, 2024 - Oct 20, 2024",
            "total_customers": 1086,
            "new_customers": 167,
            "returning_customers": 919,
            "new_percentage": 15.38,
            "returning_percentage": 84.62,
            "total_revenue": 25132.82,
            "new_customer_revenue": 4075.81,
            "returning_customer_revenue": 21057.01
        },
        {
            "week": "Oct 21, 2024 - Oct 27, 2024",
            "total_customers": 1089,
            "new_customers": 183,
            "returning_customers": 906,
            "new_percentage": 16.8,
            "returning_percentage": 83.2,
            "total_revenue": 25208.100000000002,
            "new_customer_revenue": 4612.700000000001,
            "returning_customer_revenue": 20595.4
        },
        {
            "week": "Oct 28, 2024 - Nov 03, 2024",
            "total_customers": 1065,
            "new_customers": 166,
            "returning_customers": 899,
            "new_percentage": 15.59,
            "returning_percentage": 84.41,
            "total_revenue": 22704.93,
            "new_customer_revenue": 3068.9000000000005,
            "returning_customer_revenue": 19636.03
        },
        {
            "week": "Nov 04, 2024 - Nov 10, 2024",
            "total_customers": 993,
            "new_customers": 166,
            "returning_customers": 827,
            "new_percentage": 16.72,
            "returning_percentage": 83.28,
            "total_revenue": 21328.71,
            "new_customer_revenue": 3956.2,
            "returning_customer_revenue": 17372.51
        },
        {
            "week": "Nov 11, 2024 - Nov 17, 2024",
            "total_customers": 1028,
            "new_customers": 163,
            "returning_customers": 865,
            "new_percentage": 15.86,
            "returning_percentage": 84.14,
            "total_revenue": 21994.02,
            "new_customer_revenue": 3403.4000000000005,
            "returning_customer_revenue": 18590.62
        },
        {
            "week": "Nov 18, 2024 - Nov 24, 2024",
            "total_customers": 1062,
            "new_customers": 159,
            "returning_customers": 903,
            "new_percentage": 14.97,
            "returning_percentage": 85.03,
            "total_revenue": 22379.11,
            "new_customer_revenue": 3514.7,
            "returning_customer_revenue": 18864.41
        },
        {
            "week": "Nov 25, 2024 - Dec 01, 2024",
            "total_customers": 1171,
            "new_customers": 187,
            "returning_customers": 984,
            "new_percentage": 15.97,
            "returning_percentage": 84.03,
            "total_revenue": 24262.82,
            "new_customer_revenue": 3548.6099999999997,
            "returning_customer_revenue": 20714.21
        },
        {
            "week": "Dec 02, 2024 - Dec 08, 2024",
            "total_customers": 1318,
            "new_customers": 212,
            "returning_customers": 1106,
            "new_percentage": 16.08,
            "returning_percentage": 83.92,
            "total_revenue": 26729.34,
            "new_customer_revenue": 5149.799999999999,
            "returning_customer_revenue": 21579.54
        },
        {
            "week": "Dec 09, 2024 - Dec 15, 2024",
            "total_customers": 1364,
            "new_customers": 235,
            "returning_customers": 1129,
            "new_percentage": 17.23,
            "returning_percentage": 82.77,
            "total_revenue": 28303.019999999997,
            "new_customer_revenue": 5900.5,
            "returning_customer_revenue": 22402.519999999997
        },
        {
            "week": "Dec 16, 2024 - Dec 22, 2024",
            "total_customers": 1451,
            "new_customers": 245,
            "returning_customers": 1206,
            "new_percentage": 16.88,
            "returning_percentage": 83.12,
            "total_revenue": 28331.7,
            "new_customer_revenue": 4787.099999999999,
            "returning_customer_revenue": 23544.600000000002
        },
        {
            "week": "Dec 23, 2024 - Dec 29, 2024",
            "total_customers": 1267,
            "new_customers": 242,
            "returning_customers": 1025,
            "new_percentage": 19.1,
            "returning_percentage": 80.9,
            "total_revenue": 26924.4,
            "new_customer_revenue": 5000.1,
            "returning_customer_revenue": 21924.300000000003
        },
        {
            "week": "Dec 30, 2024 - Jan 05, 2025",
            "total_customers": 1172,
            "new_customers": 185,
            "returning_customers": 987,
            "new_percentage": 15.78,
            "returning_percentage": 84.22,
            "total_revenue": 23586.72,
            "new_customer_revenue": 4457.42,
            "returning_customer_revenue": 19129.300000000003
        },
        {
            "week": "Jan 06, 2025 - Jan 12, 2025",
            "total_customers": 1037,
            "new_customers": 165,
            "returning_customers": 872,
            "new_percentage": 15.91,
            "returning_percentage": 84.09,
            "total_revenue": 21945.6,
            "new_customer_revenue": 4299.4,
            "returning_customer_revenue": 17646.199999999997
        },
        {
            "week": "Jan 13, 2025 - Jan 19, 2025",
            "total_customers": 963,
            "new_customers": 115,
            "returning_customers": 848,
            "new_percentage": 11.94,
            "returning_percentage": 88.06,
            "total_revenue": 21711.9,
            "new_customer_revenue": 2613.1,
            "returning_customer_revenue": 19098.800000000003
        },
        {
            "week": "Jan 20, 2025 - Jan 26, 2025",
            "total_customers": 1117,
            "new_customers": 160,
            "returning_customers": 957,
            "new_percentage": 14.32,
            "returning_percentage": 85.68,
            "total_revenue": 24959.42,
            "new_customer_revenue": 4382.7,
            "returning_customer_revenue": 20576.719999999998
        },
        {
            "week": "Jan 27, 2025 - Feb 02, 2025",
            "total_customers": 1108,
            "new_customers": 157,
            "returning_customers": 951,
            "new_percentage": 14.17,
            "returning_percentage": 85.83,
            "total_revenue": 22198.52,
            "new_customer_revenue": 3264.3,
            "returning_customer_revenue": 18934.22
        },
        {
            "week": "Feb 03, 2025 - Feb 09, 2025",
            "total_customers": 1102,
            "new_customers": 168,
            "returning_customers": 934,
            "new_percentage": 15.25,
            "returning_percentage": 84.75,
            "total_revenue": 23747.3,
            "new_customer_revenue": 3986.0,
            "returning_customer_revenue": 19761.3
        },
        {
            "week": "Feb 10, 2025 - Feb 16, 2025",
            "total_customers": 1132,
            "new_customers": 164,
            "returning_customers": 968,
            "new_percentage": 14.49,
            "returning_percentage": 85.51,
            "total_revenue": 24481.4,
            "new_customer_revenue": 3809.7000000000007,
            "returning_customer_revenue": 20671.7
        },
        {
            "week": "Feb 17, 2025 - Feb 23, 2025",
            "total_customers": 1077,
            "new_customers": 140,
            "returning_customers": 937,
            "new_percentage": 13.0,
            "returning_percentage": 87.0,
            "total_revenue": 22481.120000000003,
            "new_customer_revenue": 2738.3,
            "returning_customer_revenue": 19742.820000000003
        },
        {
            "week": "Feb 24, 2025 - Mar 02, 2025",
            "total_customers": 1084,
            "new_customers": 103,
            "returning_customers": 981,
            "new_percentage": 9.5,
            "returning_percentage": 90.5,
            "total_revenue": 23520.309999999998,
            "new_customer_revenue": 1799.0,
            "returning_customer_revenue": 21721.309999999998
        },
        {
            "week": "Mar 03, 2025 - Mar 09, 2025",
            "total_customers": 1132,
            "new_customers": 432,
            "returning_customers": 700,
            "new_percentage": 38.16,
            "returning_percentage": 61.84,
            "total_revenue": 24233.1,
            "new_customer_revenue": 10386.5,
            "returning_customer_revenue": 13846.599999999999
        },
        {
            "week": "Mar 10, 2025 - Mar 16, 2025",
            "total_customers": 1099,
            "new_customers": 181,
            "returning_customers": 918,
            "new_percentage": 16.47,
            "returning_percentage": 83.53,
            "total_revenue": 23507.91,
            "new_customer_revenue": 3611.5999999999995,
            "returning_customer_revenue": 19896.31
        },
        {
            "week": "Mar 17, 2025 - Mar 23, 2025",
            "total_customers": 1111,
            "new_customers": 157,
            "returning_customers": 954,
            "new_percentage": 14.13,
            "returning_percentage": 85.87,
            "total_revenue": 24434.83,
            "new_customer_revenue": 3587.1000000000004,
            "returning_customer_revenue": 20847.730000000003
        },
        {
            "week": "Mar 24, 2025 - Mar 30, 2025",
            "total_customers": 1156,
            "new_customers": 187,
            "returning_customers": 969,
            "new_percentage": 16.18,
            "returning_percentage": 83.82,
            "total_revenue": 26697.510000000002,
            "new_customer_revenue": 3994.0,
            "returning_customer_revenue": 22703.510000000002
        },
        {
            "week": "Mar 31, 2025 - Apr 06, 2025",
            "total_customers": 1134,
            "new_customers": 186,
            "returning_customers": 948,
            "new_percentage": 16.4,
            "returning_percentage": 83.6,
            "total_revenue": 29215.23,
            "new_customer_revenue": 5323.7,
            "returning_customer_revenue": 23891.53
        }
    ]
}